<?xml version="1.0" encoding="UTF-8"?>
<record>
  <leader>01695nam#a2200373#cb4500</leader>
  <controlfield tag="005">20210624133300.0</controlfield>
  <controlfield tag="007">hu#|||000||||</controlfield>
  <controlfield tag="008">051110|1596####xx############|||#|#lat#c</controlfield>
  <controlfield tag="003">DE-605</controlfield>
  <controlfield tag="001">990141342350206441</controlfield>
  <datafield tag="016" ind1="7" ind2=" ">
    <subfield code="a">1069149647</subfield>
    <subfield code="2">OCoLC</subfield>
  </datafield>
  <datafield tag="035" ind1=" " ind2=" ">
    <subfield code="a">(DE-605)TT001230001</subfield>
  </datafield>
  <datafield tag="040" ind1=" " ind2=" ">
    <subfield code="a">107</subfield>
    <subfield code="b">ger</subfield>
    <subfield code="c">BSZ</subfield>
    <subfield code="e">rakwb</subfield>
    <subfield code="d">DE-605</subfield>
  </datafield>
  <datafield tag="041" ind1=" " ind2=" ">
    <subfield code="a">lat</subfield>
  </datafield>
  <datafield tag="100" ind1="0" ind2=" ">
    <subfield code="a">Friedrich</subfield>
    <subfield code="b">II.</subfield>
    <subfield code="c">Heiliges Römisches Reich, Kaiser</subfield>
    <subfield code="d">1194-1250</subfield>
    <subfield code="0">(DE-588)118535765</subfield>
    <subfield code="4">aut</subfield>
  </datafield>
  <datafield tag="240" ind1="1" ind2="0">
    <subfield code="a">De arte venandi cum avibus</subfield>
  </datafield>
  <datafield tag="245" ind1="1" ind2="0">
    <subfield code="a">Reliqva Librorvm Friderici II. Imperatoris, De arte venandi cum auibus</subfield>
    <subfield code="b">Cvm Manfredi Regis additionibus</subfield>
  </datafield>
  <datafield tag="246" ind1="3" ind2=" ">
    <subfield code="a">Reliqua librorum Friderici II. ... de arte venandi cum avibus</subfield>
  </datafield>
  <datafield tag="249" ind1=" " ind2=" ">
    <subfield code="a">Albertvs Magnvs De Falconibus, Asturibus, &amp; Accipitribus</subfield>
  </datafield>
  <datafield tag="250" ind1=" " ind2=" ">
    <subfield code="a">Ex membranis vetustis nunc primùm edita</subfield>
  </datafield>
  <datafield tag="264" ind1=" " ind2="1">
    <subfield code="a">Avgvstae Vindelicorvm</subfield>
    <subfield code="b">Praetorius</subfield>
    <subfield code="c">1596</subfield>
  </datafield>
  <datafield tag="300" ind1=" " ind2=" ">
    <subfield code="a">[8] Bl., 414, [1] S. : Ill.</subfield>
  </datafield>
  <datafield tag="490" ind1="1" ind2=" ">
    <subfield code="a">[Bibliotheca Palatina</subfield>
    <subfield code="v">F2001/F2003]</subfield>
  </datafield>
  <datafield tag="830" ind1=" " ind2="0">
    <subfield code="a">[Bibliotheca Palatina</subfield>
    <subfield code="w">(DE-605)TT001197763</subfield>
    <subfield code="v">F,2001,1</subfield>
    <subfield code="9">O:1</subfield>
  </datafield>
  <datafield tag="964" ind1="0" ind2="s">
    <subfield code="F">051</subfield>
    <subfield code="A">s|||||||</subfield>
  </datafield>
  <datafield tag="964" ind1="0" ind2="s">
    <subfield code="F">030</subfield>
    <subfield code="A">az1ucr|||||15</subfield>
  </datafield>
  <datafield tag="964" ind1="0" ind2="s">
    <subfield code="F">050</subfield>
    <subfield code="A">|||a||||||||||</subfield>
  </datafield>
  <datafield tag="035" ind1=" " ind2=" ">
    <subfield code="a">(OCoLC)1069149647</subfield>
  </datafield>
  <datafield tag="700" ind1="0" ind2=" ">
    <subfield code="a">Manfred</subfield>
    <subfield code="c">Sizilien, König</subfield>
    <subfield code="d">1232-1266</subfield>
    <subfield code="0">(DE-588)118577018</subfield>
    <subfield code="4">oth</subfield>
  </datafield>
  <datafield tag="700" ind1="0" ind2=" ">
    <subfield code="a">Albertus</subfield>
    <subfield code="c">Magnus, Heiliger</subfield>
    <subfield code="d">1193-1280</subfield>
    <subfield code="0">(DE-588)118637649</subfield>
    <subfield code="4">aut</subfield>
  </datafield>
  <datafield tag="700" ind1="0" ind2=" ">
    <subfield code="a">Albertus</subfield>
    <subfield code="c">Magnus, Heiliger</subfield>
    <subfield code="d">1193-1280</subfield>
    <subfield code="9">O:800</subfield>
    <subfield code="0">(DE-588)118637649</subfield>
    <subfield code="4">aut</subfield>
  </datafield>
  <datafield tag="700" ind1="0" ind2="2">
    <subfield code="a">Albertus</subfield>
    <subfield code="c">Magnus, Heiliger</subfield>
    <subfield code="d">1193-1280</subfield>
    <subfield code="t">De falconibus, asturibus et accipitribus</subfield>
    <subfield code="9">O:805b</subfield>
  </datafield>
  <datafield tag="751" ind1=" " ind2=" ">
    <subfield code="a">Augsburg</subfield>
    <subfield code="4">pup</subfield>
  </datafield>
  <datafield tag="500" ind1=" " ind2=" ">
    <subfield code="a">Vorlageform des Erscheinungsvermerks: Avgvstae Vindelicorvm ... Apud Ioannem Praetorium, Anno M.D.XCVI ... - Mikrofiche. München : Saur, 1991. Mikrofiche-Nr. F2001-F2003 : 23x</subfield>
  </datafield>
  <datafield tag="500" ind1=" " ind2=" ">
    <subfield code="a">VD16-F2826</subfield>
  </datafield>
  <datafield tag="MBD" ind1=" " ind2=" ">
    <subfield code="M">49HBZ_NETWORK</subfield>
    <subfield code="i">990141342350206441</subfield>
    <subfield code="n">HBZ Network</subfield>
  </datafield>
  <datafield tag="MBD" ind1=" " ind2=" ">
    <subfield code="M">49HBZ_BRIDGE_LBZ</subfield>
    <subfield code="i">9985482407506</subfield>
    <subfield code="n">Rheinische Landesbibliothek Koblenz</subfield>
  </datafield>
  <datafield tag="830" ind1=" " ind2="0">
    <subfield code="a">[Bibliotheca Palatina</subfield>
    <subfield code="w">(DE-605)TT001197763</subfield>
    <subfield code="v">F,2001,1</subfield>
    <subfield code="9">O:1</subfield>
    <subfield code="M">49HBZ_BRIDGE_LBZ</subfield>
  </datafield>
  <datafield tag="700" ind1="0" ind2=" ">
    <subfield code="a">Albertus</subfield>
    <subfield code="c">Magnus, Heiliger</subfield>
    <subfield code="d">1193-1280</subfield>
    <subfield code="9">O:800</subfield>
    <subfield code="0">(DE-588)118637649</subfield>
    <subfield code="4">aut</subfield>
    <subfield code="M">49HBZ_BRIDGE_LBZ</subfield>
  </datafield>
  <datafield tag="700" ind1="0" ind2="2">
    <subfield code="a">Albertus</subfield>
    <subfield code="c">Magnus, Heiliger</subfield>
    <subfield code="d">1193-1280</subfield>
    <subfield code="t">De falconibus, asturibus et accipitribus</subfield>
    <subfield code="9">O:805b</subfield>
    <subfield code="M">49HBZ_BRIDGE_LBZ</subfield>
  </datafield>
  <datafield tag="MNG" ind1=" " ind2=" ">
    <subfield code="c">System</subfield>
    <subfield code="f">HBZ</subfield>
    <subfield code="i">marc21</subfield>
    <subfield code="h">20210624133300.0</subfield>
    <subfield code="k">01</subfield>
    <subfield code="e">false</subfield>
    <subfield code="d">2023-05-29 20:15:12 Europe/Berlin</subfield>
    <subfield code="g">014134235-HBZ01</subfield>
    <subfield code="j">60</subfield>
    <subfield code="a">import</subfield>
    <subfield code="b">2021-04-05 09:40:10 Europe/Berlin</subfield>
  </datafield>
  <datafield tag="H52" ind1="0" ind2=" ">
    <subfield code="b">R0003</subfield>
    <subfield code="c">00001000</subfield>
    <subfield code="h">MF 275/F2001/F2003</subfield>
    <subfield code="8">2279314460007506</subfield>
  </datafield>
  <datafield tag="HOL" ind1=" " ind2=" ">
    <subfield code="d">2023-06-04 13:10:23</subfield>
    <subfield code="8">2279314460007506</subfield>
    <subfield code="b">2023-06-04 13:10:23</subfield>
    <subfield code="M">49HBZ_BRIDGE_LBZ</subfield>
    <subfield code="g">false</subfield>
    <subfield code="a">System</subfield>
    <subfield code="c">System</subfield>
  </datafield>
  <datafield tag="ITM" ind1=" " ind2=" ">
    <subfield code="H">2279314460007506</subfield>
    <subfield code="x">00001000</subfield>
    <subfield code="f">BOOK</subfield>
    <subfield code="v">00001000</subfield>
    <subfield code="p">02</subfield>
    <subfield code="X">System</subfield>
    <subfield code="Y">2008-09-19 02:00:00 Europe/Berlin</subfield>
    <subfield code="n">MF 275/F2001/F2003</subfield>
    <subfield code="M">49HBZ_BRIDGE_LBZ</subfield>
    <subfield code="s">1</subfield>
    <subfield code="d">0</subfield>
    <subfield code="V">System</subfield>
    <subfield code="b">701025920107</subfield>
    <subfield code="a">2379314410007506</subfield>
    <subfield code="c">MF 275/F2001/F2003</subfield>
    <subfield code="W">2023-06-04 15:10:23 Europe/Berlin</subfield>
    <subfield code="u">R0003</subfield>
    <subfield code="w">R0003</subfield>
  </datafield>
</record>
